@book{national2019quantum,
  title={Quantum Computing: Progress and Prospects},
  author={National Academies of Sciences, E.M. and Sciences, D.E.P. and Board, I.C.S. and Board, C.S.T. and Computing, C.T.A.F.I.Q. and Horowitz, M. and Grumbling, E.},
  isbn={9780309479691},
  lccn={2018277625},
  url={https://books.google.co.za/books?id=jjiPDwAAQBAJ},
  year={2019},
  publisher={National Academies Press}
}

@misc{prezsalinas2019data,
    title={Data re-uploading for a universal quantum classifier},
    author={Adrián Pérez-Salinas and Alba Cervera-Lierta and Elies Gil-Fuster and José I. Latorre},
    year={2019},
    eprint={1907.02085},
    archivePrefix={arXiv},
    primaryClass={quant-ph}
}


@online{IBM_2019,
title={Cramming More Power Into a Quantum Device},
author={Gambetta, Jay and Sheldon, Sarah},
year={2019},
url ={https://www.ibm.com/blogs/research/2019/03/power-quantum-device},
howpublished ={Website},
}

@article{mcclean2018barren,
  title={Barren plateaus in quantum neural network training landscapes},
  author={McClean, Jarrod R and Boixo, Sergio and Smelyanskiy, Vadim N and Babbush, Ryan and Neven, Hartmut},
  journal={Nature communications},
  volume={9},
  number={1},
  pages={4812},
  year={2018},
  publisher={Nature Publishing Group}
}

@misc{zoph2016neural,
    title={Neural Architecture Search with Reinforcement Learning},
    author={Barret Zoph and Quoc V. Le},
    year={2016},
    eprint={1611.01578},
    archivePrefix={arXiv},
    primaryClass={cs.LG}
}
